<collection xmlns="http://www.loc.gov/MARC21/slim"><record><leader>00677nam  2200229   450</leader><controlfield tag="001">788</controlfield><controlfield tag="003">http://montalegre.opacnet.com/OPAC/default.aspx?ContentAreaControl=ShowRegHoldings.ascx&amp;RegNo=16662</controlfield><datafield tag="010" ind1=" " ind2=" "><subfield code="a">972-41-4489-5</subfield></datafield><datafield tag="021" ind1=" " ind2=" "><subfield code="a">PT</subfield><subfield code="b">232152/05</subfield></datafield><datafield tag="100" ind1=" " ind2=" "><subfield code="a">20060526d2006----m y0pory0103 ba</subfield></datafield><datafield tag="101" ind1="1" ind2=" "><subfield code="a">por</subfield><subfield code="c">eng</subfield></datafield><datafield tag="102" ind1=" " ind2=" "><subfield code="a">PT</subfield></datafield><datafield tag="200" ind1="1" ind2=" "><subfield code="a">Gravidez</subfield><subfield code="e">tudo o que deve saber sobre o ciclo do nascimento</subfield></datafield><datafield tag="205" ind1=" " ind2=" "><subfield code="a">1ª ed</subfield></datafield><datafield tag="210" ind1=" " ind2=" "><subfield code="a">Lisboa</subfield><subfield code="c">Lua de Papel</subfield><subfield code="d">2006</subfield></datafield><datafield tag="215" ind1=" " ind2=" "><subfield code="a">144 p.</subfield><subfield code="c">il.</subfield><subfield code="d">16 cm</subfield></datafield><datafield tag="606" ind1=" " ind2=" "><subfield code="a">Saúde</subfield></datafield><datafield tag="606" ind1=" " ind2=" "><subfield code="a">Sexo feminino</subfield></datafield><datafield tag="675" ind1=" " ind2=" "><subfield code="a">613</subfield></datafield><datafield tag="700" ind1=" " ind2="1"><subfield code="a">Smolen</subfield><subfield code="b">Marguerite</subfield></datafield><datafield tag="801" ind1=" " ind2="0"><subfield code="a">PT</subfield><subfield code="b">Biblioteca Municipal de Montalegre</subfield><subfield code="g">RPC</subfield></datafield><datafield tag="856" ind1=" " ind2=" "><subfield code="u">locateMedia.asp?cod=20060622101040&amp;ext=jpg</subfield><subfield code="z">CAPA</subfield></datafield><datafield tag="909" ind1="&#9;" ind2=" "><subfield code="a">1</subfield></datafield><datafield tag="966" ind1=" " ind2=" "><subfield code="a">0016759</subfield><subfield code="l">BMM</subfield><subfield code="s">SJ 613 SMO gra</subfield></datafield></record></collection>